@ARTICLE{Tanikawa11,
   author = {{Tanikawa}, A. and {Hut}, P. and {Makino}, J.},
    title = "{Unexpected Formation Modes of the First Hard Binary in Core Collapse}",
  journal = {ArXiv e-prints},
archivePrefix = "arXiv",
   eprint = {1107.3866},
 primaryClass = "astro-ph.GA",
 keywords = {Astrophysics - Galaxy Astrophysics},
     year = 2011,
    month = jul,
   adsurl = {http://adsabs.harvard.edu/abs/2011arXiv1107.3866T},
  adsnote = {Provided by the SAO/NASA Astrophysics Data System}
}