@Book{Aarseth2009,
  author =    {Sverre J. Aarseth},
  title =        {Gravitational N-Body Simulations: Tools and Algorithms},
  publisher =    {Cambridge University Press},
  year =         2009}

@Manual{HDF2011,
  title =        {Hierarchical data format version 5, 2000-2010},
  author = {{The HDF Group}},
  address =   {http://www.hdfgroup.org/HDF5},
  year =      2011}

@ARTICLE{Hanisch2001,
   author = {{Hanisch}, R.~J. and {Farris}, A. and {Greisen}, E.~W. and {Pence}, W.~D. and 
	{Schlesinger}, B.~M. and {Teuben}, P.~J. and {Thompson}, R.~W. and 
	{Warnock}, III, A.},
    title = "{Definition of the Flexible Image Transport System (FITS)}",
  journal = {\aap},
 keywords = {INSTRUMENTATION: MISCELLANEOUS, METHODS: MISCELLANEOUS, TECHNIQUES: MISCELLANEOUS, ASTRONOMICAL DATABASES: MISCELLANEOUS},
     year = 2001,
    month = sep,
   volume = 376,
    pages = {359-380},
      doi = {10.1051/0004-6361:20010923},
   adsurl = {http://adsabs.harvard.edu/abs/2001A%26A...376..359H},
  adsnote = {Provided by the SAO/NASA Astrophysics Data System}
}

@ARTICLE{Pence2010,
   author = {{Pence}, W.~D. and {Chiappetti}, L. and {Page}, C.~G. and {Shaw}, R.~A. and 
	{Stobie}, E.},
    title = "{Definition of the Flexible Image Transport System (FITS), version 3.0}",
  journal = {\aap},
 keywords = {instrumentation: miscellaneous, methods: miscellaneous, techniques: miscellaneous, reference systems, standards, astronomical databases: miscellaneous},
     year = 2010,
    month = dec,
   volume = 524,
      eid = {A42},
    pages = {A42},
      doi = {10.1051/0004-6361/201015362},
   adsurl = {http://adsabs.harvard.edu/abs/2010A%26A...524A..42P},
  adsnote = {Provided by the SAO/NASA Astrophysics Data System}
}

@ARTICLE{Tanikawa11,
   author = {{Tanikawa}, A. and {Hut}, P. and {Makino}, J.},
    title = "{Unexpected Formation Modes of the First Hard Binary in Core Collapse}",
  journal = {ArXiv e-prints},
archivePrefix = "arXiv",
   eprint = {1107.3866},
 primaryClass = "astro-ph.GA",
 keywords = {Astrophysics - Galaxy Astrophysics},
     year = 2011,
    month = jul,
   adsurl = {http://adsabs.harvard.edu/abs/2011arXiv1107.3866T},
  adsnote = {Provided by the SAO/NASA Astrophysics Data System}
}

@Misc{YAML2011,
                  key = {YAML},
  title =     {The Official YAML Web Site},
  year =      2011,
  note =      {http://www.yaml.org/}}

@ARTICLE{Springel2005,
   author = {{Springel}, V.},
    title = "{The cosmological simulation code GADGET-2}",
  journal = {\mnras},
   eprint = {arXiv:astro-ph/0505010},
 keywords = {methods: numerical, galaxies: interactions, dark matter},
     year = 2005,
    month = dec,
   volume = 364,
    pages = {1105-1134},
      doi = {10.1111/j.1365-2966.2005.09655.x},
   adsurl = {http://adsabs.harvard.edu/abs/2005MNRAS.364.1105S},
  adsnote = {Provided by the SAO/NASA Astrophysics Data System}
}